<?xml version='1.0' encoding='utf-8'?>
<record xmlns="http://www.loc.gov/MARC21/slim" xmlns:xsi="http://www.w3.org/2001/XMLSchema-instance">
  <leader>^^^^^npcaa2200229za^4500</leader>
  <controlfield tag="001">004338200</controlfield>
  <controlfield tag="005">20030923000000.0</controlfield>
  <controlfield tag="008">030923i1981199umiu^^^^^^^^^^^^^^^^^eng^d</controlfield>
  <datafield tag="035" ind1=" " ind2=" ">
    <subfield code="a">(OCoLC)ocm78344181</subfield>
  </datafield>
  <datafield tag="040" ind1=" " ind2=" ">
    <subfield code="a">MiU-H</subfield>
    <subfield code="c">MiU-H</subfield>
    <subfield code="e">appm</subfield>
  </datafield>
  <datafield tag="110" ind1="2" ind2=" ">
    <subfield code="a">National Society, Colonial Daughters of the Seventeenth Century.</subfield>
    <subfield code="b">Michigan Chapter.</subfield>
  </datafield>
  <datafield tag="245" ind1="0" ind2="0">
    <subfield code="a">National Society, Colonial Daughters of the Seventeenth Century, Michigan Chapter records,</subfield>
    <subfield code="f">1981-1990s.</subfield>
  </datafield>
  <datafield tag="300" ind1=" " ind2=" ">
    <subfield code="a">0.2 linear ft.</subfield>
  </datafield>
  <datafield tag="520" ind1=" " ind2=" ">
    <subfield code="a">Minutes, lineage claims, and other records.</subfield>
  </datafield>
  <datafield tag="500" ind1=" " ind2=" ">
    <subfield code="a">Donor: 9367</subfield>
  </datafield>
  <datafield tag="610" ind1="2" ind2="0">
    <subfield code="a">National Society, Colonial Daughters of the Seventeenth Century.</subfield>
    <subfield code="b">Michigan Chapter.</subfield>
  </datafield>
  <datafield tag="650" ind1=" " ind2="0">
    <subfield code="a">Patriotic societies</subfield>
    <subfield code="z">Michigan.</subfield>
  </datafield>
  <datafield tag="650" ind1=" " ind2="0">
    <subfield code="a">Women</subfield>
    <subfield code="z">Michigan</subfield>
    <subfield code="x">Societies and clubs.</subfield>
  </datafield>
  <datafield tag="852" ind1="8" ind2=" ">
    <subfield code="a">MiU-H</subfield>
    <subfield code="b">BENT</subfield>
    <subfield code="h">03145 Be.1 2</subfield>
  </datafield>
  <datafield tag="998" ind1=" " ind2=" ">
    <subfield code="c">TEP</subfield>
  </datafield>
  <datafield tag="955" ind1=" " ind2=" ">
    <subfield code="b">BENT</subfield>
    <subfield code="p">B1819029</subfield>
  </datafield>
</record>
